
@article{kathawalla2021,
	title = {Easing Into Open Science: A Guide for Graduate Students and Their Advisors},
	author = {Kathawalla, Ummul-Kiram and Silverstein, Priya and Syed, Moin},
	year = {2021},
	month = {01},
	date = {2021-01-26},
	journal = {Collabra: Psychology},
	pages = {18684},
	volume = {7},
	number = {1},
	doi = {10.1525/collabra.18684},
	url = {https://online.ucpress.edu/collabra/article/doi/10.1525/collabra.18684/115927/Easing-Into-Open-Science-A-Guide-for-Graduate},
	langid = {en}
}

@article{klein2018,
	title = {A Practical Guide for Transparency in Psychological Science},
	author = {Klein, Olivier and Hardwicke, Tom E. and Aust, Frederik and Breuer, Johannes and Danielsson, Henrik and Mohr, Alicia Hofelich and IJzerman, Hans and Nilsonne, Gustav and Vanpaemel, Wolf and Frank, Michael C.},
	editor = {Nuijten, {Michéle} and Vazire, Simine},
	year = {2018},
	month = {01},
	date = {2018-01-01},
	journal = {Collabra: Psychology},
	pages = {20},
	volume = {4},
	number = {1},
	doi = {10.1525/collabra.158},
	url = {https://online.ucpress.edu/collabra/article/4/1/20/112998/A-Practical-Guide-for-Transparency-in},
	langid = {en}
}

@article{kathawalla2021,
	title = {Easing Into Open Science: A Guide for Graduate Students and Their Advisors},
	author = {Kathawalla, Ummul-Kiram and Silverstein, Priya and Syed, Moin},
	year = {2021},
	month = {01},
	date = {2021-01-26},
	journal = {Collabra: Psychology},
	pages = {18684},
	volume = {7},
	number = {1},
	doi = {10.1525/collabra.18684},
	url = {https://online.ucpress.edu/collabra/article/doi/10.1525/collabra.18684/115927/Easing-Into-Open-Science-A-Guide-for-Graduate},
	langid = {en}
}

@article{sullivan2019,
	title = {Open and Reproducible Research on Open Science Framework},
	author = {Sullivan, Ian and DeHaven, Alexander and Mellor, David},
	year = {2019},
	month = {06},
	date = {2019-06},
	journal = {Current Protocols Essential Laboratory Techniques},
	pages = {e32},
	volume = {18},
	number = {1},
	doi = {10.1002/cpet.32},
	url = {https://currentprotocols.onlinelibrary.wiley.com/doi/10.1002/cpet.32},
	langid = {en}
}

@article{wilson2017,
	title = {Good enough practices in scientific computing},
	author = {Wilson, Greg and Bryan, Jennifer and Cranston, Karen and Kitzes, Justin and Nederbragt, Lex and Teal, Tracy K.},
	editor = {Ouellette, Francis},
	year = {2017},
	month = {06},
	date = {2017-06-22},
	journal = {PLOS Computational Biology},
	pages = {e1005510},
	volume = {13},
	number = {6},
	doi = {10.1371/journal.pcbi.1005510},
	url = {https://dx.plos.org/10.1371/journal.pcbi.1005510},
	langid = {en}
}

@article{vuorre2018,
	title = {Curating Research Assets: A Tutorial on the Git Version Control System},
	author = {Vuorre, Matti and Curley, James P.},
	year = {2018},
	month = {06},
	date = {2018-06},
	journal = {Advances in Methods and Practices in Psychological Science},
	pages = {219--236},
	volume = {1},
	number = {2},
	doi = {10.1177/2515245918754826},
	url = {http://journals.sagepub.com/doi/10.1177/2515245918754826},
	langid = {en}
}

@article{gilroy2019,
	title = {Furthering Open Science in Behavior Analysis: An Introduction and Tutorial for Using GitHub in Research},
	author = {Gilroy, Shawn P. and Kaplan, Brent A.},
	year = {2019},
	month = {09},
	date = {2019-09},
	journal = {Perspectives on Behavior Science},
	pages = {565--581},
	volume = {42},
	number = {3},
	doi = {10.1007/s40614-019-00202-5},
	url = {http://link.springer.com/10.1007/s40614-019-00202-5},
	langid = {en}
}

@article{dogucu2022,
	title = {Tools and Recommendations for Reproducible Teaching},
	author = {Dogucu, Mine and {Çetinkaya-Rundel}, Mine},
	year = {2022},
	month = {09},
	date = {2022-09-02},
	journal = {Journal of Statistics and Data Science Education},
	pages = {251--260},
	volume = {30},
	number = {3},
	doi = {10.1080/26939169.2022.2138645},
	url = {https://www.tandfonline.com/doi/full/10.1080/26939169.2022.2138645},
	langid = {en}
}

@article{wiebels2021,
	title = {Leveraging Containers for Reproducible Psychological Research},
	author = {Wiebels, Kristina and Moreau, David},
	year = {2021},
	month = {04},
	date = {2021-04},
	journal = {Advances in Methods and Practices in Psychological Science},
	pages = {251524592110178},
	volume = {4},
	number = {2},
	doi = {10.1177/25152459211017853},
	url = {http://journals.sagepub.com/doi/10.1177/25152459211017853},
	langid = {en}
}

@article{domingos2021,
	title = {A map for transparency and replicability in empirical social science: the TIER Protocol},
	author = {Domingos, Amanda and Batista, {Ian Rebouças}},
	year = {2021},
	month = {04},
	date = {2021-04-08},
	journal = {Revista Política Hoje},
	pages = {40--86},
	doi = {10.51359/1808-8708.2021.245776},
	url = {https://periodicos.ufpe.br/revistas/index.php/politicahoje/article/view/245776},
	langid = {pt}
}
